                        %----- ARTICLES -----%
% 01_article - Åkerstedt
@article{a01_protein_degradation_in_bovine_milk, 
title={Protein degradation in bovine milk caused by Streptococcus agalactiae}, 
volume={79}, DOI={10.1017/S0022029912000301}, 
number={3}, 
journal={Journal of Dairy Research}, 
author={Åkerstedt, Maria and Wredle, Ewa and Lam, Vo and Johansson, Monika}, 
year={2012}, 
pages={297–303}} <div></div>

% 02_article - Larsen
@article{a02_proteases_and_protein_degradation,
title = {Proteases and protein degradation in milk from cows infected with Streptococcus uberis},
journal = {International Dairy Journal},
volume = {14},
number = {10},
pages = {899-907},
year = {2004},
issn = {0958-6946},
doi = {https://doi.org/10.1016/j.idairyj.2004.03.006},
url = {https://www.sciencedirect.com/science/article/pii/S0958694604000792},
author = {Lotte B Larsen and Morten D Rasmussen and Martin Bjerring and Jacob H Nielsen},
keywords = {Proteolysis, Cathepsin D, Cathepsin B, Plasmin, Plasminogen, Mastitis, Somatic cell count},
}

% 03_article - Moussaoui
@article{a03_proteolysis_in_milk_during_mastitis,
address = {NEW YORK},
copyright = {2004 American Dairy Science Association},
issn = {0022-0302},
journal = {Journal of dairy science},
keywords = {Agriculture ; Animals ; Cattle ; Cell Count ; Escherichia coli ; Escherichia coli infections in animals ; Female ; Life sciences ; Mastitis Bovine ; Microbial viability counts ; Milk ; Neutrophils ; Polyacrylamide gel electrophoresis ; Proteolysis ; Vertebrates},
language = {eng},
number = {9},
pages = {2923-2931},
publisher = {Elsevier Inc},
title = {Proteolysis in Milk During Experimental Escherichia coli Mastitis},
volume = {87},
year = {2004},
}

% 04_article - Haug
@article{a04_bovine_milk_in_human_nutrition,
  author    = {Anna Haug and Arne T. Høstmark and Odd M. Harstad},
  title     = {Bovine milk in human nutrition – a review},
  journal   = {Lipids in Health and Disease},
  volume    = {6},
  number    = {25},
  year      = {2007},
  doi       = {10.1186/1476-511X-6-25},
  url       = {https://pmc.ncbi.nlm.nih.gov/articles/PMC2039733/},
  pmid      = {17894873},
  pmcid     = {PMC2039733}
}

% 05_article - Brodziak
@article{a05_organic_vs_conventional_milk,
  author    = {Aneta Brodziak and Joanna Wajs and Maria Zuba-Ciszewska and Jolanta Król and Magdalena Stobiecka},
  title     = {Organic versus Conventional Raw Cow Milk as Material for Processing},
  journal   = {Animals},
  volume    = {11},
  number    = {10},
  pages     = {2760},
  year      = {2021},
  publisher = {MDPI},
  doi       = {10.3390/ani11102760}
}

% 06_article - Linehan
@article{a06_organic_milk_production,
  author    = {Kevin Linehan and Dhrati V. Patangia and Paul Ross Reynolds and Catherine Stanton},
  title     = {Production, Composition and Nutritional Properties of Organic Milk: A Critical Review},
  journal   = {Foods},
  volume    = {13},
  number    = {4},
  pages     = {550},
  year      = {2024},
  publisher = {MDPI},
  doi       = {10.3390/foods13040550}
}

% 07_article - Hanna
@article{a07_protein_degradation_and_pathologic,
title = {Protein Degradation and the Pathologic Basis of Disease},
journal = {The American Journal of Pathology},
volume = {189},
number = {1},
pages = {94-103},
year = {2019},
issn = {0002-9440},
doi = {https://doi.org/10.1016/j.ajpath.2018.09.004},
url = {https://www.sciencedirect.com/science/article/pii/S0002944018306023},
author = {John Hanna and Angel Guerra-Moreno and Jessie Ang and Yagmur Micoogullari}
}

% 08_article - Rauh
@article{a08_shelf_life_of_heat_treated_dairy_products,
  author    = {Valentin Rauh and Yinghua Xiao},
  title     = {The shelf life of heat-treated dairy products},
  journal   = {International Dairy Journal},
  volume    = {125},
  year      = {2022},
  pages     = {105235},
  doi       = {10.1016/j.idairyj.2021.105235},
  publisher = {Elsevier},
  url       = {https://doi.org/10.1016/j.idairyj.2021.105235}
}

% 09_article - Poulsen
@incollection{a09_proteomics,
  author    = {Nina A. Poulsen and Lotte B. Larsen},
  title     = {Proteomics},
  booktitle = {Encyclopedia of Dairy Sciences},
  edition   = {3rd},
  editor    = {John W. Fuquay},
  year      = {2022},
  publisher = {Elsevier},
  pages     = {933--940},
  doi       = {10.1016/B978-0-12-818766-1.00339-1},
  url       = {https://doi.org/10.1016/B978-0-12-818766-1.00339-1}
}

                        %----- SLIDES -----%
% 01_slides - Rauh
@misc{s01_heat_treatment_1,
  author    = {Valentin Rauh},
  title     = {Heat Treatment 1 – Introduction and Categories},
  year      = {2025},
  note      = {Lecture slides from the course Molecular and Functional Properties of Milk, University of Copenhagen},
  institution = {University of Copenhagen},
  url = {https://absalon.ku.dk/courses/80667/files/folder/Lecture\%20Slides}
}

% 02_slides - Rauh
@misc{s02_heat_treatment_2,
  author    = {Valentin Rauh},
  title     = {Heat Treatment 2 – Effect of Heat on Proteins and Stability},
  year      = {2025},
  note      = {Lecture slides from the course Molecular and Functional Properties of Milk, University of Copenhagen},
  institution = {University of Copenhagen},
  url = {https://absalon.ku.dk/courses/80667/files/folder/Lecture\%20Slides}
}

% 03_slides - Rauh
@misc{s03_heat_treatment_3,
  author    = {Valentin Rauh},
  title     = {Heat Treatment 3 – Maillard Reaction and Flavour Changes},
  year      = {2025},
  note      = {Lecture slides from the course Molecular and Functional Properties of Milk, University of Copenhagen},
  institution = {University of Copenhagen},
  url = {https://absalon.ku.dk/courses/80667/files/folder/Lecture\%20Slides}
}

% 04_slides - Larsen
@misc{s04_protein_fraction_in_milk,
  author    = {Lotte Bach Larsen},
  title     = {Protein Fraction in Milk – Factors Affecting Composition and Quality},
  year      = {2025},
  note      = {Lecture slides from the course Molecular and Functional Properties of Milk, University of Copenhagen},
  institution = {Aarhus University},
  url = {https://absalon.ku.dk/courses/80667/files/folder/Lecture\%20Slides}
}

% 05_slides - Krogh
@misc{s05_mastitis_complex,
  author    = {K. Krogh},
  title     = {The mastitis complex – Causes and possibilities for prevention},
  year      = {2025},
  note      = {Lecture slides from the course Molecular and Functional Properties of Milk, University of Copenhagen},
  institution = {University of Copenhagen},
  url = {https://absalon.ku.dk/courses/80667/files/folder/Lecture\%20Slides}
}

% 06_slides - Rasmussen
@misc{s06_milking_teat_preparation,
  author    = {Morten Dam Rasmussen},
  title     = {Milking Teat Preparation – Benefits to Milk Quality, Udder Health and Milking Performance},
  year      = {2025},
  note      = {Lecture slides from the course Molecular and Functional Properties of Milk, University of Copenhagen},
  institution = {Aarhus University},
  url = {https://absalon.ku.dk/courses/80667/files/folder/Lecture\%20Slides}
}

% 07_slides - Poojary
@misc{s07_hplc_milk_components,
  author    = {Mahesha M. Poojary},
  title     = {HPLC – Chromatographic Analysis of Milk Components},
  year      = {2025},
  note      = {Lecture slides from the course Molecular and Functional Properties of Milk, University of Copenhagen},
  institution = {University of Copenhagen},
  url = {https://absalon.ku.dk/courses/80667/files/folder/Lecture\%20Slides}
}

% 08_slides - Weisbjerg
@misc{s08_feeding_the_dairy_cow,
  author    = {Martin Riis Weisbjerg},
  title     = {Feeding the Dairy Cow},
  year      = {2025},
  note      = {Lecture slides from the course Molecular and Functional Properties of Milk, University of Copenhagen},
  institution = {Aarhus University},
  url = {https://absalon.ku.dk/courses/80667/files/folder/Lecture\%20Slides}
}
% 09_slides - Rasmussen
@misc{s09_milk_secretion_and_ejection,
  author       = {Morten Dam Rasmussen},
  title        = {Milk Secretion and Ejection},
  year         = {2025},
  note         = {Lecture slides from the course Molecular and Functional Properties of Milk, University of Copenhagen},
  institution  = {Aarhus University},
  url          = {https://absalon.ku.dk/courses/80667/files/folder/Lecture\%20Slides}
}


            %--- BOOKS ---%
% 01_book - Griffiths
@incollection{b01_milk_biochemistry,
title = {1 - Milk biochemistry},
editor = {Mansel W. Griffiths},
booktitle = {Improving the Safety and Quality of Milk},
publisher = {Woodhead Publishing},
pages = {3-26},
year = {2010},
series = {Woodhead Publishing Series in Food Science, Technology and Nutrition},
isbn = {978-1-84569-438-8},
doi = {https://doi.org/10.1533/9781845699420.1.3},
url = {https://www.sciencedirect.com/science/article/pii/B9781845694388500015},
author = {A.L. Kelly and L. {Bach Larsen}},
keywords = {milk, composition, quality, processing}
}

% 02_book - Fox
@Inbook{b02_heat_induced_changes_in_milk,
author="Fox, P. F.
and Uniacke-Lowe, T.
and McSweeney, P. L. H.
and O'Mahony, J. A.",
title="Chapter 9: Heat-Induced Changes in Milk",
bookTitle="Dairy Chemistry and Biochemistry",
year="2015",
publisher="Springer International Publishing",
address="Cham",
pages="345--375",
isbn="978-3-319-14892-2",
doi="10.1007/978-3-319-14892-2_9",
url="https://doi.org/10.1007/978-3-319-14892-2_9"
}

% 03_book - Fox
@incollection{b03_milk_proteins,
  author       = {P. F. Fox and P. L. H. McSweeney and T. M. Cogan and T. P. Guinee},
  title        = {Chapter 4: Milk Proteins},
  booktitle    = {Dairy Chemistry and Biochemistry},
  year         = {2015},
  publisher    = {Springer International Publishing},
  address      = {Switzerland},
  pages        = {141--186}, % optional, if you have the page range
  doi          = {10.1007/978-3-319-14892-2_4}
}